% this first one isn't really a science paper that is peer reviewed; it is one of their fluff pieces for public consumption
@article{servick2020minimuscles,
author={Servick, Kelly},
year={2020},
title={Minimuscles let amputees control a robot hand with their minds},
journal={Science},
volume={?},
pages={?},
url={https://www.sciencemag.org/news/2020/03/minimuscles-let-amputees-control-robot-hand-their-minds}}

@inproceedings{pierson2015bioinspired,
author={Pierson, Alyssa and Schwager, Mac},
year={2015},
title={Bio-inspired non-cooperative multi-robot herding},
booktitle={2015 {IEEE} International Conference on Robotics and Automation},
address={Seattle, WA},
url={https://web.stanford.edu/~schwager/MyPapers/PiersonSchwagerICRA15Herding.pdf}}

@article{mongeau2012rapid,
author={Mongeau, Jean-Michel and McRae, Brian and Jusufi, Ardian and Birkmeyer, Paul and Hoover, Aaron M and Fearing, Ronald and Full, Robert J},
year={2012},
title={Rapid inversion: running animals and robots swing like a pendulum under ledges},
journal={PLoS ONE},
volume={7},
number={6},
pages={e38003},
doi={10.1371/journal.pone.0038003}}

@inproceedings{butler2004virtual,
author={Butler, Z and Corke, P and Peterson, R. and Rus, D},
year={2004},
title={Virtual fences for controlling cows},
booktitle={{IEEE} International Conference on Robotics and Automation}, 
volume={5},
pages={4429-4436},
url={https://www.cs.rit.edu/~zjb/pubs/icra04-dvf.pdf}}

@article{hinterwirth2012wireless,
author={Hinterwirth, A. J. and Medina, B. and Lockey, J and Otten, D and Voldman, J and Lang, J H and Hildebrand, J. G. and Daniel, T. L.},
year={2012},
title={Wireless stimulation of antennal muscles in freely flying hawkmoths leads to flight path changes},
journal={PLoS ONE},
volume={7}, 
issue={12},
pages={e52725},
url={https://journals.plos.org/plosone/article?id=10.1371/journal.pone.0052725\#s4}}

@inproceedings{whitmire2013kinect,
author={Whitmire, E and Latif, T and Bozkurt, A},
year={2013},
title={Kinect-based system for automated control of terrestrial insect biobots},
booktitle={35th Annual International Conference of the {IEEE} Engineering in Medicine and Biology Society ({EMBC})},
pages={1470--1473},
url={https://ieeexplore.ieee.org/stamp/stamp.jsp?tp=\&arnumber=6609789}}

