% this first one isn't really a science paper that is peer reviewed; it is one of their fluff pieces for public consumption
@article{servick2020minimuscles,
author={Servick, Kelly},
year={2020},
title={Minimuscles let amputees control a robot hand with their minds},
journal={Science},
volume={?},
pages={?},
url={https://www.sciencemag.org/news/2020/03/minimuscles-let-amputees-control-robot-hand-their-minds}}

@inproceedings{pierson2015bioinspired,
author={Pierson, Alyssa and Schwager, Mac},
year={2015},
title={Bio-inspired non-cooperative multi-robot herding},
booktitle={2015 {IEEE} International Conference on Robotics and Automation},
address={Seattle, WA},
url={https://web.stanford.edu/~schwager/MyPapers/PiersonSchwagerICRA15Herding.pdf}}

@article{mongeau2012rapid,
author={Mongeau, Jean-Michel and McRae, Brian and Jusufi, Ardian and Birkmeyer, Paul and Hoover, Aaron M and Fearing, Ronald and Full, Robert J},
year={2012},
title={Rapid inversion: running animals and robots swing like a pendulum under ledges},
journal={PLoS ONE},
volume={7},
number={6},
pages={e38003},
doi={10.1371/journal.pone.0038003}}

@inproceedings{butler2004virtual,
author={Butler, Z and Corke, P and Peterson, R. and Rus, D},
year={2004},
title={Virtual fences for controlling cows},
booktitle={{IEEE} International Conference on Robotics and Automation}, 
volume={5},
pages={4429-4436},
url={https://www.cs.rit.edu/~zjb/pubs/icra04-dvf.pdf}}

@article{hinterwirth2012wireless,
author={Hinterwirth, A. J. and Medina, B. and Lockey, J and Otten, D and Voldman, J and Lang, J H and Hildebrand, J. G. and Daniel, T. L.},
year={2012},
title={Wireless stimulation of antennal muscles in freely flying hawkmoths leads to flight path changes},
journal={PLoS ONE},
volume={7}, 
issue={12},
pages={e52725},
url={https://journals.plos.org/plosone/article?id=10.1371/journal.pone.0052725\#s4}}

@article{moore1998directed,
author={Moore, Thomas E and Crary, Selden B and Koditschek, Daniel E and Conklin, Todd A},
year={1998},
title={Directed locomotion in cockroaches: ``biobots''},
journal={Slovenian Entomological Society},
volume={6},
number={2},
pages={71--78}}

@inproceedings{whitmire2013kinect,
author={Whitmire, Eric and Latif, Tahmid and Bozkurt, Alper},
year={2013},
title={Kinect-based system for automated control of terrestrial insect biobots},
booktitle={35th Annual International Conference of the {IEEE} {EMBS}},
address={Osaka, Japan},
month={3-7 July}}

@inproceedings{holzer1997locomotion,
author={R. {Holzer} and I. {Shimoyama}},
year={1997},
title={Locomotion control of a bio-robotic system via electric stimulation},
booktitle={Proceedings of the 1997 {IEEE/RSJ} International Conference on Intelligent Robot and Systems. Innovative Robotics for Real-World Applications. {IROS} 97},
volume={3},
pages={1514--1519}}

@article{guo2013neural,
author={Guo, Peiyuan and Ritzmann, Roy E},
year={2013},
title={Neural activity in the central complex of the cockroach brain is linked to turning behaviors},
journal={Journal of Experimental Biology},
volume={216},
pages={992--1002},
doi={10.1242/jeb.080473}}

@article{Butler2005,
author = {Butler, Zack and Corke, Peter and Peterson, Ron and Rus, Daniela},
file = {:home/evangeli/.local/share/data/Mendeley Ltd./Mendeley Desktop/Downloaded/Butler et al. - 2005 - Virtual fences for controlling cows.pdf:pdf},
journal = {ICRA 2004},
title = {{Virtual fences for controlling cows}},
url = {papers2://publication/uuid/0BABE111-3434-4F13-BC7B-C848825AF052},
year = {2005}
}

@article{Mongeau2014,
author = {Mongeau, Jean Michel and Demir, Alican and Dallmann, Chris J. and Jayaram, Kaushik and Cowan, Noah J. and Full, Robert J.},
doi = {10.1242/jeb.101501},
file = {:home/evangeli/.local/share/data/Mendeley Ltd./Mendeley Desktop/Downloaded/Mongeau et al. - 2014 - Mechanical processing via passive dynamic properties of the cockroach antenna can facilitate control during rapi.pdf:pdf},
issn = {00220949},
journal = {Journal of Experimental Biology},
keywords = {Biomechanics,Control,Neuromechanics,Periplaneta americana,Tactile sensing,Thigmotaxis},
number = {18},
pages = {3333--3345},
title = {{Mechanical processing via passive dynamic properties of the cockroach antenna can facilitate control during rapid running}},
volume = {217},
year = {2014}
}

@article{Dickerson2014,
author = {Dickerson, Bradley H and Aldworth, Zane N and Daniel, Thomas L},
doi = {10.1242/jeb.103770},
file = {:home/evangeli/.local/share/data/Mendeley Ltd./Mendeley Desktop/Downloaded/Dickerson, Aldworth, Daniel - 2014 - Control of moth flight posture is mediated by wing mechanosensory feedback.pdf:pdf;::},
issn = {1477-9145},
journal = {The Journal of experimental biology},
keywords = {abdominal,deflection,department of biology,flight control,laboratory of cellular and,manduca sexta,national,present address,seattle,sensorimotor processing,synaptic neurophysiology,university of washington,usa,wa 98195,wings},
month = {jul},
number = {Pt 13},
pages = {2301--8},
pmid = {24737754},
title = {{Control of moth flight posture is mediated by wing mechanosensory feedback.}},
url = {http://www.ncbi.nlm.nih.gov/pubmed/24737754},
volume = {217},
year = {2014}
}

@article{antennal,
author={Sane, Sanjay P and Dieudonne, Alexandre and Willis, Mark A and Daniel, Thomas L},
year={2007},
title={Antennal mechanosensors mediate flight control in moths},
journal={Science},
volume={315},
number={5813},
pages={863--866}}

@article{wireless,
author={Hinterwirth, Armin J and Medina, Billie and Lockey, Jacob and Otten, David and Voldman, Joel and Lang, Jeffrey H and Hildebrand, John G and Daniel, Thomas L},
year={2012},
title={Wireless Stimulation of Antennal Muscles in Freely Flying Hawkmoths Leads to Flight Path Changes},
journal={PLoS One},
volume={7},
number={12},
pages={1--6}}

@article{robot,
author={Vaughan, Richard and Sumpter, Neil and Frost, Andy and Cameron, Stephen},
year={2012},
title={Robot Sheepdog Project achieves automatic flock control},
journal={Proc. Fifth International Conference on the Simulation of Adaptive Behaviour},
volume={489},
pages={493}}

@misc{backyardbrains2020roboroach,
author={{Backyard Brains}},
year={2020},
howpublished={{https://backyardbrains.com/experiments/roboRoachSurgery}, accessed on 5 May 2020}}

@article{hedrick2008software,
author={Hedrick, Tyson L},
year={2008},
title={Software techniques for two- and three-dimensional kinematic measurements of biological and biomimetic systems},
journal={Bioinspiration \& Biomimetics},
volume={3},
pages={034001},
doi={10.1088/1748-3182/3/3/034001}
}
